<?xml version="1.0" encoding="UTF-8"?><collection xmlns="http://www.loc.gov/MARC21/slim"><record><leader>00349nam--2200133-i-4500</leader><controlfield tag="001">000011603</controlfield><controlfield tag="002">20161230</controlfield><controlfield tag="005">20161230201029</controlfield><controlfield tag="008">060222s1000------------r-----000-0-eng-d</controlfield><datafield ind1=" " ind2=" " tag="080"><subfield code="a">543.51. 537.5</subfield></datafield><datafield ind1=" " ind2=" " tag="100"><subfield code="a">Cooks, R.G., S.A</subfield></datafield><datafield ind1=" " ind2=" " tag="245"><subfield code="a">Metastable ions</subfield></datafield><datafield ind1=" " ind2=" " tag="260"><subfield code="a">Amsterdam, Elsevier Scientific Publishing Company, 1973 Ix + 296 P</subfield></datafield><datafield ind1=" " ind2=" " tag="852"><subfield code="a">42990</subfield></datafield></record></collection>